<?xml version="1.0" encoding="UTF-8"?><collection xmlns="http://www.loc.gov/MARC21/slim"><record><leader>00467nam--2200133-i-4500</leader><controlfield tag="001">000012328</controlfield><controlfield tag="002">20161230</controlfield><controlfield tag="005">20161230201029</controlfield><controlfield tag="008">060222s1000------------r-----000-0-eng-d</controlfield><datafield ind1=" " ind2=" " tag="100"><subfield code="a">Dym,H.And Mckean, H.P</subfield></datafield><datafield ind1=" " ind2=" " tag="245"><subfield code="a">Gaussian processes, function theory and the inverse spectral problem</subfield></datafield><datafield ind1=" " ind2=" " tag="260"><subfield code="a">New York, Academic Press, 1976</subfield></datafield><datafield ind1=" " ind2=" " tag="490"><subfield code="a">Probability And Mathematical Statistics. A Series Of Monographs And Textbooks. Editors: Z.W.Birnba</subfield></datafield><datafield ind1=" " ind2=" " tag="852"><subfield code="a">519.218.7(082.1)</subfield></datafield></record></collection>